[gd_scene load_steps=11 format=2]

[ext_resource path="res://enemies/MetalMan.gd" type="Script" id=1]
[ext_resource path="res://player/player-death-particles.tscn" type="PackedScene" id=2]
[ext_resource path="res://enemies/metalman02.png" type="Texture" id=3]
[ext_resource path="res://enemies/metalman03.png" type="Texture" id=4]
[ext_resource path="res://enemies/metalman01.png" type="Texture" id=5]
[ext_resource path="res://enemies/metalman00.png" type="Texture" id=6]
[ext_resource path="res://enemies/metalhit.png" type="Texture" id=7]

[sub_resource type="SpriteFrames" id=1]
animations = [ {
"frames": [ ExtResource( 3 ) ],
"loop": true,
"name": "jump",
"speed": 5.0
}, {
"frames": [ ExtResource( 4 ) ],
"loop": true,
"name": "throw",
"speed": 5.0
}, {
"frames": [ ExtResource( 5 ) ],
"loop": true,
"name": "charge",
"speed": 5.0
}, {
"frames": [ ExtResource( 6 ) ],
"loop": true,
"name": "idle",
"speed": 5.0
} ]

[sub_resource type="RectangleShape2D" id=2]

[sub_resource type="RectangleShape2D" id=3]

[node name="MetalMan" type="KinematicBody2D"]
collision_layer = 2
collision_mask = 0
script = ExtResource( 1 )
deathExplosion = ExtResource( 2 )

[node name="AnimatedSprite" type="AnimatedSprite" parent="."]
frames = SubResource( 1 )
animation = "idle"

[node name="CollisionShape2D" type="CollisionShape2D" parent="."]
position = Vector2( 1, 2 )
shape = SubResource( 2 )

[node name="Tween" type="Tween" parent="."]

[node name="Area2D" type="Area2D" parent="."]

[node name="CollisionShape2D" type="CollisionShape2D" parent="Area2D"]
position = Vector2( 1, 2 )
shape = SubResource( 3 )

[node name="HitSprite" type="Sprite" parent="."]
position = Vector2( 1, 3 )
texture = ExtResource( 7 )
