[gd_scene load_steps=13 format=2]

[ext_resource path="res://levels/level2/Level2.gd" type="Script" id=1]
[ext_resource path="res://music/level2.ogg" type="AudioStream" id=2]
[ext_resource path="res://levels/level2/2-1.tscn" type="PackedScene" id=3]
[ext_resource path="res://levels/level2/2-6.tscn" type="PackedScene" id=4]
[ext_resource path="res://levels/level2/2-4.tscn" type="PackedScene" id=5]
[ext_resource path="res://levels/level2/2-3.tscn" type="PackedScene" id=6]
[ext_resource path="res://levels/level2/2-5.tscn" type="PackedScene" id=7]
[ext_resource path="res://levels/level2/2-2.tscn" type="PackedScene" id=8]
[ext_resource path="res://ui/ui.tscn" type="PackedScene" id=9]
[ext_resource path="res://levels/level2/background.png" type="Texture" id=10]
[ext_resource path="res://levels/level2/background_clouds.png" type="Texture" id=11]
[ext_resource path="res://levels/level2/HidingRect.gd" type="Script" id=12]

[node name="Level2" type="Node2D"]
script = ExtResource( 1 )
music = ExtResource( 2 )

[node name="Screens" type="Node2D" parent="."]

[node name="2-1" parent="Screens" instance=ExtResource( 3 )]

[node name="2-6" parent="Screens" instance=ExtResource( 4 )]
position = Vector2( 1400, -240 )

[node name="2-4" parent="Screens" instance=ExtResource( 5 )]
position = Vector2( 800, 0 )

[node name="2-3" parent="Screens" instance=ExtResource( 6 )]
position = Vector2( 600, 0 )

[node name="2-5" parent="Screens" instance=ExtResource( 7 )]
position = Vector2( 1200, 0 )

[node name="2-2" parent="Screens" instance=ExtResource( 8 )]
position = Vector2( 200, 0 )

[node name="Tween" type="Tween" parent="."]

[node name="Ui" parent="." instance=ExtResource( 9 )]

[node name="ParallaxBackground" type="ParallaxBackground" parent="."]

[node name="ParallaxLayer" type="ParallaxLayer" parent="ParallaxBackground"]
motion_scale = Vector2( 0.25, 0 )

[node name="Sprite" type="Sprite" parent="ParallaxBackground/ParallaxLayer"]
position = Vector2( -122, -60 )
texture = ExtResource( 10 )
centered = false
region_rect = Rect2( 0, 0, 2000, 120 )

[node name="Sprite8" type="Sprite" parent="ParallaxBackground/ParallaxLayer"]
position = Vector2( -366, -60 )
texture = ExtResource( 10 )
centered = false
region_rect = Rect2( 0, 0, 2000, 120 )

[node name="Sprite2" type="Sprite" parent="ParallaxBackground/ParallaxLayer"]
position = Vector2( 122, -60 )
texture = ExtResource( 10 )
centered = false
region_rect = Rect2( 0, 0, 2000, 120 )

[node name="Sprite3" type="Sprite" parent="ParallaxBackground/ParallaxLayer"]
position = Vector2( 366, -60 )
texture = ExtResource( 10 )
centered = false
region_rect = Rect2( 0, 0, 2000, 120 )

[node name="Sprite4" type="Sprite" parent="ParallaxBackground/ParallaxLayer"]
position = Vector2( 610, -60 )
texture = ExtResource( 10 )
centered = false
region_rect = Rect2( 0, 0, 2000, 120 )

[node name="Sprite5" type="Sprite" parent="ParallaxBackground/ParallaxLayer"]
position = Vector2( 854, -60 )
texture = ExtResource( 10 )
centered = false
region_rect = Rect2( 0, 0, 2000, 120 )

[node name="Sprite6" type="Sprite" parent="ParallaxBackground/ParallaxLayer"]
position = Vector2( 1098, -60 )
texture = ExtResource( 10 )
centered = false
region_rect = Rect2( 0, 0, 2000, 120 )

[node name="Sprite7" type="Sprite" parent="ParallaxBackground/ParallaxLayer"]
position = Vector2( 1342, -60 )
texture = ExtResource( 10 )
centered = false
region_rect = Rect2( 0, 0, 2000, 120 )

[node name="ParallaxLayer2" type="ParallaxLayer" parent="ParallaxBackground"]
motion_scale = Vector2( 0.5, 0 )

[node name="Sprite" type="Sprite" parent="ParallaxBackground/ParallaxLayer2"]
position = Vector2( -122, -60 )
texture = ExtResource( 11 )
centered = false
region_rect = Rect2( 0, 0, 2000, 120 )

[node name="Sprite8" type="Sprite" parent="ParallaxBackground/ParallaxLayer2"]
position = Vector2( -366, -60 )
texture = ExtResource( 11 )
centered = false
region_rect = Rect2( 0, 0, 2000, 120 )

[node name="Sprite2" type="Sprite" parent="ParallaxBackground/ParallaxLayer2"]
position = Vector2( 122, -60 )
texture = ExtResource( 11 )
centered = false
region_rect = Rect2( 0, 0, 2000, 120 )

[node name="Sprite3" type="Sprite" parent="ParallaxBackground/ParallaxLayer2"]
position = Vector2( 366, -60 )
texture = ExtResource( 11 )
centered = false
region_rect = Rect2( 0, 0, 2000, 120 )

[node name="Sprite4" type="Sprite" parent="ParallaxBackground/ParallaxLayer2"]
position = Vector2( 610, -60 )
texture = ExtResource( 11 )
centered = false
region_rect = Rect2( 0, 0, 2000, 120 )

[node name="Sprite5" type="Sprite" parent="ParallaxBackground/ParallaxLayer2"]
position = Vector2( 854, -60 )
texture = ExtResource( 11 )
centered = false
region_rect = Rect2( 0, 0, 2000, 120 )

[node name="Sprite6" type="Sprite" parent="ParallaxBackground/ParallaxLayer2"]
position = Vector2( 1098, -60 )
texture = ExtResource( 11 )
centered = false
region_rect = Rect2( 0, 0, 2000, 120 )

[node name="Sprite7" type="Sprite" parent="ParallaxBackground/ParallaxLayer2"]
position = Vector2( 1342, -60 )
texture = ExtResource( 11 )
centered = false
region_rect = Rect2( 0, 0, 2000, 120 )

[node name="HidingRect" type="ParallaxLayer" parent="ParallaxBackground"]
visible = false
position = Vector2( -125, -60 )
motion_scale = Vector2( 0.25, 0 )
script = ExtResource( 12 )

[node name="ColorRect" type="ColorRect" parent="ParallaxBackground/HidingRect"]
margin_right = 2000.0
margin_bottom = 120.0
